@Article{Optimierungsmodell,
	author = {Christian Reintjes},
	title = {Eine mathematische Optimierungsmodell zur statischen Anordnung von Fachwerktraegern},
	Month = apr,
	Year = 2016,
	Pages = {17--21}

}
	
@Article{Jacobson1999Towards,

author = {Van Jacobson},

title = {Towards the Analysis of Massive Multiplayer Online

Role-Playing Games},

journal = {Journal of Ubiquitous Information},

Month = jun,

Year = 1999,

Volume = 6,

Pages = {75--83}

}

@misc{FordFulkcode,
	author = {Manish Bhojasia},
	title = {Java Program to Implement Ford–Fulkerson Algorithm}
	}

@book{GuN,

author = {Christina Büsing},

title = {Graphen- und Netzwerkoptimierung},

Month = mar,

Year = 2010,

Volume = 1,

Pages = {169--175}

}

	
@online{EigenschaftenVonAlgorithmen,
 author               = {Agnieszka Czernik},
 month                = {10},
 title                = {Was ist ein Algorithmus – Definition und Beispiele},
 url                  = {https://www.datenschutzbeauftragter-info.de/was-ist-ein-algorithmus-definition-und-beispiele/},
 year                 = {2016},
 
 }
 
 @book{GKuA,

author = {Sven Oliver Krumke {,} Hartmut Noltemeier},

title = {Graphentheoretische Konzepte und Algorithmen},

Month = jul,

Year = 2009,

Volume = 2,

Pages = {158-- 231}

}

@online{FordFulkOnline,
 author               = {Quirin Fischer},
 month                = {10},
 title                = {Was ist ein Algorithmus – Definition und Beispiele},
 url                  = {https://www-m9.ma.tum.de/graph-algorithms/flow-ford-fulkerson/index_de.html},
 year                 = {2015}
 
 }
 @online{t-test,
 author               = {Wanja Hemmerich},
 title                = {t-Test},
 url                  = {http://matheguru.com/stochastik/267-t-test.html},
 year                 = {2017},
 
 }