@Article{Testref,

author = {Christian Reintjes},
	
title = {Eine mathematische Optimierungsmodell zur statischen Anordnung von Fachwerktraegern},
	
Month = apr,
	
Year = 2016,

Volume =1,
	
Pages = {17--21}}