@Article{Testref,
	author = {Christian Reintjes},
	title = {Eine mathematische Optimierungsmodell zur statischen Anordnung von Fachwerktraegern},
	Month = apr,
	Year = 2016,
	Pages = {17--21}}
	
@Article{Jacobson1999Towards,

author = {Van Jacobson},

title = {Towards the Analysis of Massive Multiplayer Online

Role-Playing Games},

journal = {Journal of Ubiquitous Information},

Month = jun,

Year = 1999,

Volume = 6,

Pages = {75--83}}

@misc{FordFulkcode,
	author = {Manish Bhojasia},
	title = {Java Program to Implement Fordâ€“Fulkerson Algorithm}
	}
	
